<?xml version="1.0" encoding="UTF-8"?><collection xmlns="http://www.loc.gov/MARC21/slim"><record><leader>00368nam--2200133-i-4500</leader><controlfield tag="001">000001223</controlfield><controlfield tag="002">20161230</controlfield><controlfield tag="005">20161230201024</controlfield><controlfield tag="008">060222s1000------------r-----000-0-eng-d</controlfield><datafield ind1=" " ind2=" " tag="100"><subfield code="a">Henecka, Hans</subfield></datafield><datafield ind1=" " ind2=" " tag="245"><subfield code="a">Chemie der beta-dicarbonylverbindungen</subfield></datafield><datafield ind1=" " ind2=" " tag="260"><subfield code="a">Berlin, Springer-verlag, 1950. 409 P</subfield></datafield><datafield ind1=" " ind2=" " tag="490"><subfield code="a">Organische Chemie In Einzeldarstellungen. 4</subfield></datafield><datafield ind1=" " ind2=" " tag="852"><subfield code="a">7499</subfield></datafield></record></collection>